@online{stack,
    title = "Stack {O}verflow {D}eveloper {S}urvey 2021 [online]. [cit. 2021-12-19]. {D}ostupné z: \url{https://insights.stackoverflow.com/survey/2021}"
},

@online{rustdl,
    title = "{O}ther {R}ust {I}nstallation {M}ethods [online]. [cit. 2021-12-19]. {D}ostupné z: \url{https://forge.rust-lang.org/infra/other-installation-methods.html}"
}

@online{conway,
    title = "Hra života - {W}ikipedie. {W}ikipedia: the free encyclopedia [online]. {S}an {F}rancisco (CA): {W}ikimedia {F}oundation, 2001- [cit. 2021-12-28]. {D}ostupné z: \url{https://cs.wikipedia.org/wiki/Hra_%C5%BEivota}"
}

@online{comp_win_ico,
    title = "Attaching an icon resource to a {R}ust application [online]. {I}n: . [cit. 2022-01-05]. {D}ostupné z: \url{https://stackoverflow.com/questions/30291757/attaching-an-icon-resource-to-a-rust-application}"
}

@online{appimage,
    title = "P{E}{T}{E}{R}, Simon. {A}ppImage | {L}inux apps that run anywhere. {A}ppimage.org [online]. 2015 [cit. 2022-01-05]. {D}ostupné z: \url{https://appimage.org}"
}

@online{appimagetool,
    title = "Appimagetool - {A}pp{I}mage{H}ub. {A}ppimage.github.io [online]. [cit. 2022-01-06]. {D}ostupné z: \url{https://appimage.github.io/appimagetool}"
}

@online{winexport,
    title="M{C}{L}{E}{O}{D}, {A}aron. {P}ackaging a game for {W}indows, {M}ac, and {L}inux with {R}ust. {P}ackaging a game for {W}indows, {M}ac, and {L}inux with {R}ust. | {A}{G}{M} {P}rojects [online]. {F}eb 1, 2019 [cit. 2022-01-06]. {D}ostupné z: \url{https://agmprojects.com/blog/packaging-a-game-for-windows-mac-and-linux-with-rust.html#linux}"
}

@online{wasm,
    title="Web{A}ssembly. {W}eb{A}ssembly [online]. [cit. 2022-01-09]. {D}ostupné z: \url{https://webassembly.org}"
}

@online{wasm_fig,
    title="M{I}{H}{A}{Y}{L}{O}{V}, {B}oyan. {H}ow {W}eb{A}ssembly influences existing {J}ava{S}cript frameworks. {B}oyan {M}ihaylov / {S}oftware architect, web enthusiast, improviser [online]. {A}ugust 26, 2018 [cit. 2022-01-09]. {D}ostupné z: \url{https://boyan.io/how-webassembly-influences-existing-javascript-frameworks}"
}

@online{wasm_vid,
    title="Getting started with {R}ust �� 2021: 8. {B}uilding a web app in {R}ust. In: {Y}ou{T}ube [online]. 31.6.2016 [cit. 2022-01-09]. {D}ostupné z: \url{https://www.youtube.com/watch?v=4MKcqR9z8AU}. {K}anál uživatele creativcoder"
}

@online{dekl_makra,
    title="Crust of {R}ust: {D}eclarative {M}acros. {I}n {Y}ou{T}ube [online]. 30.4.2020 [cit. 2022-01-28]. {D}ostupné z: \url{https://www.youtube.com/watch?v=q6paRBbLgNw}. {K}anál uživatele {J}on {G}jengset"
}

@online{makra,
    title="Macros. {T}he {R}ust {P}rogramming {L}anguage [online]. [cit. 2022-01-28]. {D}ostupné z: \url{https://doc.rust-lang.org/1.7.0/book/macros.html}"
}

@online{box,
    title="Using {B}ox\textless T \textgreater to {P}oint to {D}ata on the {H}eap. {T}he {R}ust {P}rogramming {L}anguage [online]. [cit. 2022-01-28]. {D}ostupné z: \url{https://doc.rust-lang.org/book/ch15-01-box.html}"
} 

@online{wasm_gh,
    title="{R}{O}{C}{A} {G}{O}{M}{E}{Z}, {A}ral. helloworld-wasm-rust. {G}it{H}ub [online]. {A}ug 17, 2020 [cit. 2022-01-09]. {D}ostupné z: \url{https://github.com/aralroca/helloworld-wasm-rust}"
}

@online{convention,
    title="Naming. {R}ust {A}{P}{I} {G}uidelines [online]. [cit. 2022-01-10]. {D}ostupné z: \url{https://rust-lang.github.io/api-guidelines/naming.html}"
}

@online{option_enum,
    title="Enum std::option::{O}ption. {R}ust [online]. [cit. 2022-01-11]. {D}ostupné z: \url{https://doc.rust-lang.org/std/option/enum.Option.html}"
}
@online{iter_into_iter,
    title="What is the difference between iter and into\_iter? [online]. {I}n: . [cit. 2022-01-18]. {D}ostupné z: \url{https://stackoverflow.com/questions/34733811/what-is-the-difference-between-iter-and-into-iter}"

}

@online{dangle,
    title="References and {B}orrowing. {T}he {R}ust {P}rogramming {L}anguage [online]. [cit. 2022-01-19]. {D}ostupné z: \url{https://doc.rust-lang.org/book/ch04-02-references-and-borrowing.html#dangling-references}"
}

@online{vice_typu,
    title="Multiple error types. {R}ust {B}y {E}xample [online]. [cit. 2022-01-30]. {D}ostupné z: \url{https://doc.rust-lang.org/rust-by-example/error/multiple_error_types.html}"
}

@online{cow,
    title = "Cow. {E}asy {R}ust [online]. [cit. 2022-01-30]. {D}ostupné z: \url{https://dhghomon.github.io/easy_rust/Chapter_42.html}"
}

@online{cookbook,
    title="Rust {C}ookbook [online]. [cit. 2022-02-07]. {D}ostupné z: \url{https://rust-lang-nursery.github.io/rust-cookbook/about.html}"
}

@online{rocket,
    title="{BENITEZ}, {S}ergio. {R}ocket [online]. c2016-2021 [cit. 2022-02-08]. {D}ostupné z: \url{https://rocket.rs}"
}

@online{atrib_makro,
    title="Writing a custom struct attribute with procedural macros in {R}ust. {L}4p1n-blog [online]. [cit. 2022-02-08]. Dostupné z: \url{https://l4p1n.ch/2021/rust-writing-procedural-macros}"
}


@online{egui,
    title="{ERNERFELDT}, {E}mil. {E}gui. \textit{{G}itHub} [online]. [cit. 2022-02-09]. {D}ostupné z: \url{https://github.com/emilk/egui}"
}

@online{imm_mod,
    title="A diagram that shows retained-mode graphics. \textit{{M}icrosoft – cloud, počítače, aplikace a hry} [online]. c2022, 08/23/2019 [cit. 2022-02-09]. {D}ostupné z: \url{https://docs.microsoft.com/en-us/windows/win32/learnwin32/retained-mode-versus-immediate-mode}"
}

@online{ret_mod,
    title="A diagram that shows immediate-mode graphics. \textit{{M}icrosoft – cloud, počítače, aplikace a hry} [online]. c2022, 08/23/2019 [cit. 2022-02-09]. {D}ostupné z: \url{https://docs.microsoft.com/en-us/windows/win32/learnwin32/retained-mode-versus-immediate-mode}"
}

@online{proc_deriv,
    title="{VIGUIER}, {A}lain. {R}ust procedural macros step by step tutorial. \textit{{DEV} {C}ommunity} [online]. {D}ec 4, 2021 [cit. 2022-02-09]. {D}ostupné z: \url{https://dev.to/dandyvica/rust-procedural-macros-step-by-step-tutorial-36n8}"
}

@online{rustblog_ann,
    title="Announcing {R}ust 1.58.0. \textit{{R}ust {B}log} [online]. {J}an. 13, 2022 [cit. 2022-02-10]. {D}ostupné z: \url{https://blog.rust-lang.org/2022/01/13/Rust-1.58.0.html}"
}

@online{kanaly,
    title="{C}hannels. \textit{{E}asy {R}ust} [online]. [cit. 2022-02-10]. {D}ostupné z: \url{https://dhghomon.github.io/easy_rust/Chapter_50.html}"

}

@online{cell,
    title="Cell in std::cell - {R}ust. \textit{{S}td - {R}ust} [online]. [cit. 2022-02-10]. {D}ostupné z: \url{https://doc.rust-lang.org/std/cell/struct.Cell.html}"
}

@online{dropbox,
    title="{JAYAKAR}, {S}ujay. {R}ewriting the heart of our sync engine. \textit{{D}ropbox {T}ech {B}log - {D}ropbox} [online]. Mar 09, 2020 [cit. 2022-02-10]. {D}ostupné z: \url{https://dropbox.tech/infrastructure/rewriting-the-heart-of-our-sync-engine}"
}

@online{cloudflare,
    title="{STEPANYAN}, {I}ngvar a {A}ndrew {GALLONI}. {B}uilding fast interpreters in {R}ust. \textit{{T}he {C}loudflare {B}log} [online]. 03/04/2019 [cit. 2022-02-10]. {D}ostupné z: \url{https://blog.cloudflare.com/building-fast-interpreters-in-rust/}"
}

@online{npm,
    title="\textit{{R}ust {C}ase {S}tudy: {C}ommunity makes {R}ust an easy choice for npm} [online]. {F}eb 25, 2019, 6 [cit. 2022-02-10]. {D}ostupné z: \url{https://www.rust-lang.org/static/pdfs/Rust-npm-Whitepaper.pdf}"
}


@online{discord,
    title="{HOWARTH}, {J}esse. Why {D}iscord is switching from {G}o to {R}ust. \textit{{D}iscord {B}log} [online]. {F}eb 4, 2020 [cit. 2022-02-10]. {D}ostupné z: \url{https://blog.discord.com/why-discord-is-switching-from-go-to-rust-a190bbca2b1f}"
}

@online{amazon,
    title="{ASSAY}, {M}att. {W}hy {AWS} loves {R}ust, and how we’d like to help. \textit{{C}loud Services - {A}mazon {W}eb {S}ervices ({AWS})} [online]. 24 {NOV} 2020 [cit. 2022-02-10]. {D}ostupné z: \url{https://aws.amazon.com/blogs/opensource/why-aws-loves-rust-and-how-wed-like-to-help/}"

}

@online{box_err,
    title="{B}oxing errors. \textit{{R}ust {B}y {E}xample} [online]. [cit. 2022-02-10]. {D}ostupné z: \url{https://doc.rust-lang.org/rust-by-example/error/multiple_error_types/boxing_errors.html}"
}


@online{mutex,
    title="{TORRES, Rogger. Smart Pointers in Rust: What, why and how?: Mutex\textless T\textgreater . \textit{DEV Community} [online]. Jul 19, 2021 [cit. 2022-02-12]. Dostupné z:}\url{ https://dev.to/rogertorres/smart-pointers-in-rust-what-why-and-how-oma#mutex}"
}

@online{fcialni_proc,
    title="{Procedural Macros: Function-like procedural macros. \textit{The Rust Reference} [online]. [cit. 2022-02-12]. Dostupné z: }\url{https://doc.rust-lang.org/reference/procedural-macros.html}"
}

@online{sprava_pameti,
    title="{Memory Management Strategies. In: {Y}ou{T}ube [online]. 02-02-2022 [cit. 2022-02-12]. {D}ostupné z: }\url{https://www.youtube.com/watch?v=GUZ_2gGWuPo}. {K}anál uživatele Let's get Rusty"
}
